<?xml version="1.0" encoding="UTF-8"?><collection xmlns="http://www.loc.gov/MARC21/slim"><record><leader>00416nam--2200145-i-4500</leader><controlfield tag="001">000010554</controlfield><controlfield tag="002">20161230</controlfield><controlfield tag="005">20161230201028</controlfield><controlfield tag="008">060222s1000------------r-----000-0-eng-d</controlfield><datafield ind1=" " ind2=" " tag="080"><subfield code="a">015:535</subfield></datafield><datafield ind1=" " ind2=" " tag="100"><subfield code="a">Arnoud, Jacques</subfield></datafield><datafield ind1=" " ind2=" " tag="245"><subfield code="a">Sur la propagation des faisceaux optiques dans l approximation de gauss. these</subfield></datafield><datafield ind1=" " ind2=" " tag="260"><subfield code="a">Orsay, La Faculte Des Sciences D Orsay, 1972 8 P. /751-58</subfield></datafield><datafield ind1=" " ind2=" " tag="490"><subfield code="a">895</subfield></datafield><datafield ind1=" " ind2=" " tag="852"><subfield code="a">39196</subfield></datafield></record></collection>